%% This BibTeX bibliography file was created using BibDesk.
%% http://bibdesk.sourceforge.net/

%% Created for Daniel Schmider at 2018-04-05 16:28:30 +0200 


%% Saved with string encoding Unicode (UTF-8) 



@book{pg1,
	Author = {Jens Hartwig},
	Date-Added = {2018-04-05 13:45:53 +0000},
	Date-Modified = {2018-04-05 13:47:03 +0000},
	Publisher = {Addison-Wesley},
	Title = {PostgreSQL - professionell und praxisnah},
	Year = {2001}}

@book{django2,
	Author = {Jeff Forcier, Paul Bissex, Wesley Chun},
	Date-Added = {2018-04-04 21:29:51 +0000},
	Date-Modified = {2018-04-04 21:30:12 +0000},
	Publisher = {Addison-Wesley Professional},
	Title = {Python Web Development with Django},
	Year = {2008}}

@book{django1,
	Author = {Adrian Holovaty, Jacob Kaplan-Moss},
	Date-Added = {2018-04-04 21:28:00 +0000},
	Date-Modified = {2018-04-05 14:28:30 +0000},
	Publisher = {Apress},
	Title = {The Definitive Guide to Django},
	Year = {2007}}

@url{srid,
	Date-Added = {2018-04-04 13:02:59 +0000},
	Date-Modified = {2018-04-04 13:03:17 +0000},
	Title = {Koordinatensysteme wiki $\newline$ https://giswiki.hsr.ch/Koordinatensystem}}

@url{githubauto,
	Date-Added = {2018-04-04 12:06:03 +0000},
	Date-Modified = {2018-04-04 12:45:26 +0000},
	Title = {Github Projektboards Automatisierung $\newline$ https://help.github.com/articles/about-automation-for-project-boards/},
	Url = {https://help.github.com/articles/about-automation-for-project-boards/}}

@misc{djoserpack,
	Date-Added = {2018-04-02 20:59:08 +0000},
	Date-Modified = {2018-04-04 12:44:33 +0000},
	Title = {Djoser, REST implementation of Django authentication system. $\newline$ https://github.com/sunscrapers/djoser},
	Url = {https://github.com/sunscrapers/djoser}}

@url{ZHGeoM,
	Date-Added = {2018-04-02 20:41:04 +0000},
	Date-Modified = {2018-04-04 12:45:22 +0000},
	Title = {Geometadaten GIS-ZH - GeoLion $\newline$ http://www.parcs.ch/wpz/pdf\_public/2013/9601\_20131015\_131512\_gds\_110.pdf},
	Url = {http://www.parcs.ch/wpz/pdf_public/2013/9601_20131015_131512_gds_110.pdf}}

@url{GeoLookup,
	Date-Added = {2018-04-02 20:39:18 +0000},
	Date-Modified = {2018-04-04 12:45:11 +0000},
	Title = {GeoJson Geometry Lookup $\newline$ https://github.com/simonepri/geojson-geometries-lookup},
	Url = {https://github.com/simonepri/geojson-geometries-lookup}}

@url{PluCo,
	Date-Added = {2018-04-02 20:25:15 +0000},
	Date-Modified = {2018-04-04 12:45:37 +0000},
	Title = {Plus Codes Webseite fuer Developer $\newline$ https://plus.codes/developers},
	Url = {https://plus.codes/developers}}

@url{VueSFC,
	Date-Added = {2018-04-02 13:25:45 +0000},
	Date-Modified = {2018-04-04 12:45:43 +0000},
	Title = {Vue Single File Components  $\newline$ https://vuejs.org/v2/guide/single-file-components.html},
	Url = {https://vuejs.org/v2/guide/single-file-components.html}}

@url{ServiceWorkers,
	Date-Added = {2017-05-29 04:10:43 +0000},
	Date-Modified = {2018-04-04 12:45:31 +0000},
	Title = {Introduction to Service Worker $\newline$ https://developers.google.com/web/fundamentals/primers/service-workers/},
	Url = {https://developers.google.com/web/fundamentals/primers/service-workers/},
	Bdsk-Url-1 = {http://esw.w3.org/topic/SparqlEndpoints}}
